@article{Flocking87,
	Author = {Reynolds, C. W.},
	Journal = {Computer Graphics},
	Number = {4},
	Numpages = {9},
	Pages = {25-34},
	Title = {Flocks, Herds, and Schools: A Distributed Behavioral Model},
	Volume = {21},
	Url = {http://www.red3d.com/cwr/papers/1987/boids.html},
	Year = {1987},
	Note = {In SIGGRAPH '87 Conference Proceedings}
	}

@inproceedings{Reynolds2,
	Author = {Reynolds, C. W.},
	Booktitle = {Game Developers Conference},
	Pages = {763-782},
	Title = {Steering Behaviors For Autonomous Characters},
	Organization = {Miller Freeman Game Group},
	Year = {1999},
	Note = {URL: http://www.red3d.com/cwr/papers/1999/gdc99steer.html}
	}

@article{Okubo,
	Author = {Okubo, A},
	Title = {Dynamical aspects of animal grouping: swarms, schools, flocks and herds.},
	Journal = {Advances in Biophysics},
	Year={1986},
	Pages = {1-94}}


@article{Helbing1,
	Author = {Helbing D. and Farkas I. and Vicsec T.},
	Journal = {Nature},
	Month = {September},
	Numpages = {3},
	Pages = {487--490},
	Title = {Simulating Dynamical Features of Escape Panic},
	Volume = {407},
	Year = {2000}}

@techreport{Antspaper,
	Author = {Nirajan Shiwakoti, Majid Sarvi},
	Title = {Animal dynamics based approach for modeling pedestrian crowd egress under panic conditions},
	Institution = {Institute of Transport Studies},
	Year = {2011},
	Month = {March},
	Pages = {1433-1449}}


@article{OlfatiSaber1,
	Author = {Olfati-Saber R.},
	Title = {Flocking for Multi-Agent Dynamic Systems:
Algorithms and Theory},
	Journal = {IEEE Transactions on Automatic Control},
	Year = {2006},
	Month = {March},
	Number = m{3},
	Numpages = {19},
	Pages = {401--420},
	Volume = {51}}


@inproceedings{Japanen,
	Author = {Osiragi T.},
	Booktitle = {Proceedings of AAMAS'04},
	Month = {July},
	Title = {Simulating Dynamical Features of Escape Panic},
	Year = {2004}}

@techreport{Svennesource,
	Author = {Haraala D. and Hagelin M.},
	Month = {March},
	Number = {5138},
	Institution = {Department of Fire Safety Engineering, Lund University, Sweden},
	Title = {Crowd Evacuation - Modelling and Reality},
	Note = {Swedish},
	Year = {2005}}

@article{Victortjejen,
	Author = {Pelechano N and Badler N.I.},
	Journal = {IEEE transactions on automatic control},
	Month = {December},
	Number = {3},
	Pages = {81--86},
	Title = {Flocking for Multi-Agent Dynamic Systems:
Algorithms and Theory},
	Volume = {51},
	Year = {2006}}

@article{Qingen,
	Author = {Qingge J. and Can G.},
	Journal = {IJCSES International Journal of Computer Sciences and Engineering Systems},
	Month = {October},
	Number = {4},
	Pages = {249--252},
	Title = {Simulationg Crowd Evacuation with a Leader-Follower Model},
	Volume = {1},
	Year = {2007}}

@article{Coloumb,
	Author = {Kamkarian P. and Hexmoore H.},
	Journal = {Advances in Artificial Intelligence},
	Pages = {1--16},
	Title = {Crowd Evacuation for Indoor Public Spaces using Coloumb's Law},
	Volume = {2012},
	Note = {Article ID 340615},
	Year = {2012}}
	
%Required fields: author, title, year, school.
@phdthesis{Stanford,
	Author = {Pan X.},
	School = {Department of Civil and Environmental Engineering, Stanford University},
	Month = {June},
	Title = {Computational Modeling of Human and Social Behaviors for Emergency Egress Analysis},
	Year = {2006}}
	
%Required fields: author, title, institution, year.
@techreport{WTC,
	Author = {Averill J.D. and Mileti D.S. and Peacock R.D. and Kuligowski E.D. and Groner N. and Proulx G. and Reneke P.A. and Nelson H.E.},
	Title = {Occupant Behavior, Egress, and Emergency Communications},
	Number = {NCSTAR 1-7},
	Month = {September},
	Institution = {NIST, Technology Administration, U.S. Department of Commerce},
	Year = {2005}}


@techreport{JumpersNRC,
	Author = {Proulx. G, Fahy, R.F.},
	Month = {Oktober},
	Institution = {National Fire Protection Association},
	Title = {EVACUATION OF THE WORLD TRADE CENTER : WHAT WENT RIGHT?},
	Year = {2003}}



@article{Signalsource,
	Author = {Proulx G. and Laroche C.},
	Journal = {Journal of Fire Protection Engineering},
	Month = {February},
	Number = {1},
	Pages = {67--82},
	Title = {Crowd Evacuation for Indoor Public Spaces using Coloumb's Law},
	Volume = {13},
	URL = {http://irc.nrc-cnrc.gc.ca/ircpubs},
	Year = {2003}}

@phdthesis{Kluepfel,
	Author = {Kluepfel H.L.},
	School = {Fakultaet 4 ñ Naturwissenschaften, Universitaet Duisburg-Essen},
	Month = {July},
	Title = {A Cellular Automaton Model for Crowd Movement
and Egress Simulation},
	Year = {2003}}

@article{Aik,
	Author = {Aik L.E.},
	Journal = {International Journal of the Physical Sciences},
	Month = {July},
	Number = {13},
	Pages = {3218--3231},
	Title = {Exit-selection Behaviours During a Classroom Evacuation},
	Volume = {13},
	URL = {http://www.academicjournals.com/IJPS},
	Year = {2011}}

@article{OlfatiSaber2,
	Author = {Olfati-Saber R. and Fax J.A. and Murray R.M.},
	Journal = {Proceedings of the IEEE},
	Month = {January},
	Number = {1},
	Numpages = {23},
	Pages = {215--233},
	Title = {Consensus and Cooperation in
NetworkedMulti-Agent Systems},
	Volume = {95},
	Year = {2007}}

@techreport{Comparisonofmodels,
	Author = {Kuligowski E.D. and Peacock R.D.},
	Number = {Technical Note 1471},
	Month = {July},
	Institution = {NIST, Technology Administration, U.S. Department of Commerce},
	Title = {A Review of Building Evacuation Models},
	Year = {2005}}

@techreport{RhodeIsland,
	Author = {Grosshandler W. and Bryner N. and Madrzykowski D.},
	Number = {NCSTAR 2, Volume 1},
	Month = {June},
	Institution = {Fire Research Division, Building and Fire Research Laboratory, National Institute of Standards and Technology},
	Title = {Report of the Technical Investigation of The Station Nightclub Fire},
	Year = {2005}}

@misc{Crowddynamics,
	Author = {Crowd Dynamics},
	Title = {Crowd Modelling and Analysis},
	Note = {Accessed: 2013-04-17},
	Year = {2013}}
	
@presentation{Panicfiredepartment,
	Title = {Panic Fire Protection & Safety technology Oklahoma State},
	Author = {T. Ma, Q. Wang, M. Larrañaga},
	Institution = {Fire Protection and Safety Technology Oklahoma State University},
	Year = {2011}}
	
@phdthesis{MythofPanic,
	Title={The myth of panic},
	Author={Keating JP },
	School={Fire},
	Year={1982},
	Pages{57-61}}
%Helbing 2 number 69

@article{Theoryofbehavior,
	Title={Theory of collective behavior},
	Author={Smelser NJ},
	Journal={Free Press},
	Year={1963}}
	
@techreport{Helbing2,
	Title={Pedestrian Crowd and evacuation Dynamics},
	Author={Helbing D, A Johansson},
	Year={2010},
	Institution={Institute for Advanced Study},
	Pages={8-10}}

	%Helbing2 reference 55
@techreport{Helbing4,
	Author={Helbing D, Farkas I, Vicsek T},
	Title={Freezing by heating in a driven mesoscopic system},
	Institution={Phys Rev},
	Year={2000},
	Pages={1240-1243}}
	

		%Helbing2 reference 91
@techreport{Helbing5,
	Author={Helbing D, A Johansson},
	Title={Analytical approach to continuous and intermittent bottleneck flows},	
	Institution={Phys Rev},
	Year={2006}}
	
	%Helbing2 reference 87
@techreport{Helbing3,

	Author={Helbing D, A Johansson, Al-Abideen HZ},
	Title={The dynamics of crowd disasters:An empirical study},
	Institution={Phys Rev},
	Year={2007},

	Pages={75}}

@techreport{Fluiddynamics,
	Title={On the fluid mechanics of human crowd motion},
	Author={Henderson LF},
	Year={1974},
	Institution={Transp},
	Pages={509-515}}	
	

@techreport{Disaster1,
	Author={Parker DJ, Handmer JW},
	Title={Disaster at Hillsborough Stadium: A comparative analysis},
	Institution={Hazard management and emergency planning},
	Year={1992}}
		
@techreport{Fire,
	Author={Canter D},
	Title={Fire and human behavior},
	Institution ={Fulton},
	Year={1990}}

	%Fire paper number 10	
@techreport{Fire2,

	Author={SFPE},
	Title={Engineering Guide to Human Behavoir in Fire},
	Institution={SFPE},
	Year={2002}}
	%good for panic reference
		
@techreport{Non-adaptive,
	Author={Mintz A},
	Title={Non-adaptive group behavior},
	Institution={Social Psychology},
	Year={1951},
	Pages={150-159}}

	%Good for Panic writing and referring	
@techreport{PanicparticipantsSociol,
	Author={Quarantelli E},
	Title={The behavior of panic participants Sociol},
	Institution={Sociological School},
	Year={1957},
	Pages={187-194}}
	
	%Good for Panic writing and referring 80 helbing
@techreport{Socialpsychology,
	Author={Brown R},
	Title={Social psychology},
	Institution={Free Press},
	Year={1965}}
	
	%Good for Panic writing and referring 81 helbing
@techreport{Collectivebehavior,
	Author={Turner RH, Killian LM},
	Title={Collective behavior},
	Institution={Prentice Hall},
	Year={1987}}

	%Good for Panic writing and referring 70 Helbing	
@techreport{Footballstadium,
	Title={Football stadia disasters in the United Kingdom: Learning from tragedy},
	Author={Elliott D, Smith D},
	Institution={Ind Env Crisis},
	Year={1993},
	Pages={205-229}}

%Good for Panic behavior writing and referring 9 Helbing	
@techreport{Personenströme,
	Author={Predtetschenski WM, Milinski AI},
	Title={Personenströme in Gebäuden – Berechnungsmethoden für die Projektierung},
	Institution={Müller, Köln-Braunsfeld},
	Year={1971}}	


	%Good for panic psychology referring to 36 in Human and social behavior
@article{SimPanic,
	Author={H. Kelley, J. Condry, A. Dahlke, A. Hill},
	Title={Collective behavior in a simulated panic situation},
	Journal={Journal of Experimental Social Psychology 1},
	Year={1965},
	Pages={20-54}}

	%Good for panic psychology, referring 22 Human and social behavior 
@techreport{ConditionPanic,
	Author={PE. Quarantelli},
	Title={The nature and conditions of panic},
	Institution={The American Journal of Sociology},
	Year={1954},
	Pages={267-275}}	

	%Good for panic psychology Main paper 	
@techreport{Socialbehavior,
	Author={Xiaoshan Pan, Charles S. Han},
	Title={Human and social behavior in computational modeling and analysis of egress},
	Institution={Department of civil and environmental engineering},
	Year={2006},
	Pages={448-461}}	

	%Good for panic psychology Human and Social behavior referring to 58	
@techreport{Individualbehavior,
	Author={XA. Braun, S. Musse, L. de Oliveira},
	Title={Modeling individual behaviors in crowd simulation},
	Institution={Proc. Computer Animation and Social Agents},
	Year={2003},
	Pages={143-148}}
	
		%Good for panic psychology, Human and Social referring to 30	
@techreport{Collectivebehavior2,
	Author={R. La Piere},
	Title={Collective Behavior},
	Institution={Mcgraw-Hill},
	Year={1938}}

	%Good for panic psychology Human and Social behavior referring to 58
@article{Socialinhibition,
	Author={B. Latane, J. Darley},
	Title={Group inhibition of bystander intervention in emergencies},
	Journal={Journal of Personality and Social Psychology},
	Year={1968},
	Pages={215-221}}
